@phdthesis{mills2020theory,
  title={A theory of personalised nudging: integrating heterogeneity and behavioural science into political decision-making},
  author={Mills, Stuart},
  year={2020},
  school={Manchester Metropolitan University}
}

@article{mills2020personalised,
  title={Personalised nudging: integrating heterogeneity and behavioural science into political decision-making},
  author={Mills, Stuart},
  journal={Policy Design and Practice},
  volume={3},
  number={1},
  pages={1--16},
  year={2020},
  publisher={Taylor \& Francis}
}

@article{mills_2022, title={Personalized nudging}, volume={6}, DOI={10.1017/bpp.2020.7}, number={1}, journal={Behavioural Public Policy }, publisher={Cambridge University Press}, author={MILLS, STUART}, year={2022}, pages={150–159}}

@article{forberger2019nudging,
  title={Nudging to move: a scoping review of the use of choice architecture interventions to promote physical activity in the general population},
  author={Forberger, Sarah and Reisch, Lucia and Kampfmann, Teresa and Zeeb, Hajo},
  journal={International Journal of Behavioral Nutrition and Physical Activity},
  volume={16},
  pages={1--14},
  year={2019},
  publisher={Springer}
}

@article{room2017interventions,
  title={What interventions are used to improve exercise adherence in older people and what behavioural techniques are they based on? A systematic review},
  author={Room, Jonathan and Hannink, Erin and Dawes, Helen and Barker, Karen},
  journal={BMJ open},
  volume={7},
  number={12},
  pages={e019221},
  year={2017},
  publisher={British Medical Journal Publishing Group}
}

@article{bruineberg2018anticipating,
  title={The anticipating brain is not a scientist: the free-energy principle from an ecological-enactive perspective},
  author={Bruineberg, Jelle and Kiverstein, Julian and Rietveld, Erik},
  journal={Synthese},
  volume={195},
  number={6},
  pages={2417--2444},
  year={2018},
  publisher={Springer}
}

@article{mann2022free,
  title={Free energy: a user’s guide},
  author={Mann, Stephen Francis and Pain, Ross and Kirchhoff, Michael D},
  journal={Biology \& Philosophy},
  volume={37},
  number={4},
  pages={33},
  year={2022},
  publisher={Springer}
}

@misc{govuk2021,
  title = {New pilot to help people eat better and exercise more},
  url = {https://www.gov.uk/government/news/new-pilot-to-help-people-eat-better-and-exercise-more},
  author = {{Department of Health and Social Care, Office for Health Improvement and Disparities, Maggie Throup MP, and The Rt Hon Sajid Javid MP}},
  year = {2021},
  note = {Accessed on August 15, 2023}
}

@article{lindsay2017association,
  title={The association between social support and physical activity in older adults: a systematic review},
  author={Lindsay Smith, Gabrielle and Banting, Lauren and Eime, Rochelle and O’Sullivan, Grant and Van Uffelen, Jannique GZ},
  journal={International Journal of Behavioral Nutrition and Physical Activity},
  volume={14},
  pages={1--21},
  year={2017},
  publisher={Springer}
}

@article{smith2023relationship,
  title={The Relationship between Social Support for Physical Activity and Physical Activity across Nine Years in Adults Aged 60--65 Years at Baseline},
  author={Smith, Genevieve SE and Moyle, Wendy and Burton, Nicola W},
  journal={International Journal of Environmental Research and Public Health},
  volume={20},
  number={5},
  pages={4531},
  year={2023},
  publisher={MDPI}
}

@article{lanillos2021active,
  title={Active inference in robotics and artificial agents: Survey and challenges},
  author={Lanillos, Pablo and Meo, Cristian and Pezzato, Corrado and Meera, Ajith Anil and Baioumy, Mohamed and Ohata, Wataru and Tschantz, Alexander and Millidge, Beren and Wisse, Martijn and Buckley, Christopher L and others},
  journal={arXiv preprint arXiv:2112.01871},
  year={2021}
}

@article{tschantz2020reinforcement,
  title={Reinforcement learning through active inference},
  author={Tschantz, Alexander and Millidge, Beren and Seth, Anil K and Buckley, Christopher L},
  journal={arXiv preprint arXiv:2002.12636},
  year={2020}
}

@article{da2022active,
  title={How active inference could help revolutionise robotics},
  author={Da Costa, Lancelot and Lanillos, Pablo and Sajid, Noor and Friston, Karl and Khan, Shujhat},
  journal={Entropy},
  volume={24},
  number={3},
  pages={361},
  year={2022},
  publisher={MDPI}
}

@article{daly2002barriers,
  title={Barriers to participation in and adherence to cardiac rehabilitation programs: a critical literature review},
  author={Daly, John and Sindone, Andrew P and Thompson, David R and Hancock, Karen and Chang, Esther and Davidson, Patricia},
  journal={Progress in cardiovascular nursing},
  volume={17},
  number={1},
  pages={8--17},
  year={2002},
  publisher={Wiley Online Library}
}